@article{LanguageIFS-2013,
    author    = {AndreiSabelfeld and Andre wC.Myers},
    title     = {Language-Based Information-Flow Security},
    journal   = {IEEE Jounal},
    volume   = {21},
    number   = {1},
    pages    = {1-15},
    year      = {2003},
    month    = {January},
    }
    
@article{TaintDroid,
    author    = {William Enck and Peter Gilbert and Byung-Gon Chun and
    			Landon P. Cox and Jaeyeon Jung and Patrick McDaniel 
    			and Anmol N. Sheth},
    title     = {TaintDroid: An Information-Flow Tracking System 
    				for Realtime Privacy Monitoring on Smartphones},
    journal   = {9th USENIX Symposium on Operating Systems Design and Implementation(OSDI’10)},
    pages    = {1-15},
    year      = {2010},
    month    = {October},
    }
 
 @article{DroidForce,
    author    = {Siegfried Rasthofer and Steven Arzt and Enrico Lovat and Eric Bodden},
    title     = {DROIDFORCE: Enforcing Complex, Data-Centric,System-Wide Policies in Android},
    journal   = { Proceedings of the 9th International Conference on Availability, Reliability and Security (ARES)},
    pages    = {1-10},
    year      = {2014},
    month    = {September},
    }
    
    @article{JOANA,
    author    = {J. Graf and Martin Hecker and Martin Mohr},
    title     = {Using JOANA for Information Flow Control in Java Programs — A Practical Guide},
    journal   = { Proceedings of the 6th Working Conference on Programming Languages (ATPS'13)},
    pages    = {123-138},
    year      = {2013},
    month    = {February},
    }

    @article{FCO-PDG,
  	title = {Flow-Sensitive, Context-Sensitive, and Object-sensitive Information
 	Flow Control Based on Program Dependence Graphs},
  	year = {2009},
  	month = dec,
  	publisher = {Springer},
  	volume = {8},
  	number = {6},
  	pages = {399--422},
  	journal = {International Journal of Information Security},
  	author = {Christian Hammer and Gregor Snelting},
  	doi = {10.1007/s10207-009-0086-1},
	}
    @article{JoDroid-Paper,
    author    = {J. Graf and Martin Hecker and Martin Mohr},
    title     = {JoDroid: Adding Android Support to a Static Information Flow Control Tool},
    journal   = { Proceedings of the 8th Working Conference on Programming Languages (ATPS'15)},
    year      = {2015},
    month    = {February},
    }
    
    @article{Graph-reachability,
    author    = {Thomas Reps and Susan Horwitz and  Mooly Sagiv},
    title     = {Precise interprocedural dataflow analysis via graph reachability},
    journal   = {Proceedings of the 22nd ACM SIGPLAN-SIGACT symposium on Principles of programming languages, POPL ’95},
    year      = {1995},
    month    = {},
    }
    
    @article{Information-Flow-Java,
    author    = {Samir Genaim and Fausto Spoto},
    title     = {Information Flow Analysis for Java Bytecode},
    journal   = {Proceeding VMCAI'05 Proceedings of the 6th international conference on Verification, Model Checking, and Abstract Interpretation},
    year      = {2005},
    month    = {},
    }
    
     @article{Bit-Level-Taint-Analysis,
    author    = {Babak Yadegari and Saumya Debray},
    title     = {Bit-Level Taint Analysis},
    journal   = {2014 14th IEEE International Working Conference on Source Code Analysis and Manipulation},
    year      = {2014},
    month    = {},
    }
    
@inproceedings{Static-dynamic,
 author = {Michael D. Ernst},
 title = {Static and dynamic analysis: synergy and duality},
 booktitle = {In WODA 2003 International Conference on Software Engineering (ICSE) Workshop on Dynamic Analysis},
 series = {ICSE’03},
 year = {2003},
 isbn = {978-0-7695-4681-0},
 pages = {25--28},
 numpages = {52},
 url = {http://www.cs.nmsu.edu/~jcook/woda2003/},
 address = {Portland, Oregon},
} 

@article{Jif-typingIF,
    author    = {Liisi Haav and Peeter Laud},
    title     = {Typing Computationally Secure Information Flow in Jif},
    journal   = {In proceedings of Nordsec 2008, 13th Nordic Workshop on Secure IT Systems, Lyngby, Denmark,},
    year      = {2008},
    month    = {October 9-10},
    }

    @InProceedings{taghdiri-etal-2010,
   author    = "Mana Taghdiri and Gregor Snelting and Carsten Sinz",
   title     = {Information Flow Analysis via Path Condition Refinement},
   booktitle = {7th International Workshop on Formal Aspects in Security and Trust (FAST)},
   pages     = {65-79},
   year      = {2010},
   month     = {September},
	}
	
	@INPROCEEDINGS{Hicks06fromlanguages,
    author = {Boniface Hicks and Kiyan Ahmadizadeh and Patrick Mcdaniel},
    title = {From Languages to Systems: Understanding Practical Application Development in Security-typed Languages},
    booktitle = {In Proceedings of the 22nd Annual Computer Security Applications Conference (ACSAC 2006},
    year = {2006},
    pages = {11--15}
    }
	
	 @InProceedings{taint-analysis,
   author    = "James Clause and  Wanchun Li and Alessandro Orso",
   title     = {Dytan: a generic dynamic taint analysis framework},
   booktitle = {ISSTA '07 Proceedings of the 2007 international symposium on Software testing and analysis},
   pages     = {196-206},
   year      = {2007},
   month     = {July},
	}
	
	@InProceedings{information-flow-control,
   author    = "Daniel HEDIN and  Andrei SABELFELD",
   title     = {A perspective on information-flow control},
   booktitle = { In Proceedings of the 2011 Marktoberdorf Summer School, IOS Press.},
   pages     = {},
   year      = {2011},
   month     = {July},
	}
	
@article{hammer09ijis,
  title = {Flow-Sensitive, Context-Sensitive, and Object-sensitive Information
  Flow Control Based on Program Dependence Graphs},
  year = {2009},
  month = dec,
  publisher = {Springer},
  volume = {8},
  number = {6},
  pages = {399--422},
  journal = {International Journal of Information Security},
  author = {Christian Hammer and Gregor Snelting},
  doi = {10.1007/s10207-009-0086-1},
}

@article{dynamic-tainting,
  title = {Formal Characterization of Illegal Control Flow in Android System},
  year = {2013},
  month = dec,
  publisher = {IEE},
  pages = {293 - 300},
  journal = {Signal-Image Technology & Internet-Based Systems (SITIS), 2013 International Conference on},
  author = {Christian Hammer and Gregor Snelting},
  doi = {10.1109/SITIS.2013.56},
}
  
@mastersthesis{DidFail,
    author    = "Amar Shirish Bhosale",
    title     = "Precise Static Analysis of Taint Flow for Android Application Sets",
    school    = "Heinz College Carnegie Mellon University Pittsburgh, PA 15213",
    year      = "2014",
    month    = "May",
}  
    
@mastersthesis{FlowDroid-Thesis,
    author    = "Christian Fritz",
    title     = "FlowDroid: A Precise and Scalable Data Flow Analysis for Android",
    school    = "Technische Universität Darmstadt",
    year      = "2013",
    month    = "July",
}

@mastermathesis{JoDroid-Thesis,
    author    = "Tobias Blaschke", 
    title     = "Automated Model Generation for the Lifecycle of Android Applications and the application of that model to an IFC-analysis",
    school    = "Karlsruhe Institute of Technology; Institute for Program Structures and Data Organization (IPD)",
    year      = "2014",
    month    = "April",
}

@webpage{Wala,
	Author = {{ IBM T.J. Watson Research Center}},
	Title = {WalaWiki},
	month = "July",
	year = "2013",
	Url = {http://wala.sourceforge.net/wiki/index.php/Main_Page},
	}

@webpage{WorldwideSmartphoneSales-GatnerReport,
	Author = {{Gartner}},
	Title = {Document 2622821},
	month = "November",
	year = "2013",
	Url = {http://www.gartner.com/newsroom/id/2623415},
	}

@webpage{ErograbberReport,
	Author = {{Versafe}},
	Title = {A Case Study of Eurograbber: How 36 Million Euros was Stolen via Malware},
	month = "December",
	year = "2012",
	Url = {https://www.checkpoint.com/products/downloads/whitepapers/Eurograbber_White_Paper.pdf},
	}
	
@webpage{McAfeeReport,
	Author = {{McAfee}},
	Title = {Who's Watching You?, McAfee Mobile Security Report},
	month = "February",
	year = "2014",
	Url = {http://www.mcafee.com/us/resources/reports/rp-mobile-security-consumer-trends.pdf},
	}

@webpage{Android-Marketplace,
	Author = {{Android developers}},
	Title = {Launch Checklist},
	month = "November",
	year = "2013",
	Url = {http://developer.android.com/distribute/tools/launch-checklist.html},
	}
	
@webpage{DroidBenchBenchmarks,
	Author = {{Secure Software Engineering Group at EC SPRIDE}},
	Title = {DroidBench – Benchmarks},
	month = "June",
	year = "2013",
	Url = {https://github.com/secure-software-engineering/DroidBench/blob/e64bf483949bf4cb91af642a415fadc9c65e4be5/README.md},
	}
	
@webpage{JIF,
	Author = {{EC SPRIDE}},
	Title = {DroidBench – Benchmarks},
	month = "June",
	year = "2014",
	Url = {http://sseblog.ec-spride.de/tools/droidbench/},
	}
	
@webpage{Soot,
	Author = {{Soot}},
	Title = {Soot: a Java Optimization Framework},
	month = "January",
	year = "2012",
	Url = {http://www.sable.mcgill.ca/soot/},
	}
	
@webpage{heros,
	Author = {{Eric Bodden}},
	Title = {Soot: a Java Optimization Framework},
	month = "June",
	year = "2013",
	Url = {http://sable.github.io/heros/},
	}
	
@webpage{jifRef,
	Author = {{Cornell University}},
	Title = {Jif Reference Manual},
	month = "March",
	year = "2014",
	Url = {http://www.cs.cornell.edu/jif/doc/jif-3.3.0/language.html#unsupported-java},
	}
	
@webpage{joDroidManual,
	Author = {{Karlsruhe Institute of Technology}},
	Title = {https://github.com/jgf/joana/blob/master/wala/joana.wala.jodroid/README.md},
	month = "March",
	year = "2015",
	Url = {https://github.com/jgf/joana/blob/master/wala/joana.wala.jodroid/README.md},
	}
	
@webpage{time-man,
	Author = {{ Panagiotis Christias}},
	Title = {UNIX ON-LINE Man Pages},
	month = "April",
	year = "2015",
	Url = {http://dell9.ma.utexas.edu/cgi-bin/man-cgi?00+00},
	}	
	
@webpage{FlowDroid-artifact,
	Author = {{ Secure Software Engineering  EC SPRIDE}},
	Title = {PLDI'14 Artifact Evaluation},
	month = "May",
	year = "2015",
	Url = {https://github.com/secure-software-engineering/soot-infoflow-android/wiki/PLDI'14-Artifact-Evaluation},
	}

@webpage{annotations-Jif,
	Author = {Cornell University},
	Title = {Interacting with Java classes},
	month = "Jan",
	year = "2015",
	Url = {http://www.cs.cornell.edu/jif/doc/jif-3.3.0/misc.html#java-classes},
	}

@techreport{ThreadsUsingAndroid,
	author    = "DHS-FBI",
    title     = "Threats to Mobile Devices Using the Android Operating System",
    institution = "U.S Department of Homeland Security",
	month = "July",
	year = "2013",
	Url = {http://info.publicintelligence.net/DHS-FBI-AndroidThreats.pdf}
	}

@techreport{Precision-Recall,
    author    = {David M W Powers},
    title     = {Evaluation: From Precision, Recall and F-Factor to ROC, Informedness, Markedness & Correlation},
    institution = {School of Informatics and Engineering Flinders University • Adelaide • Australia},
    journal   = {Technical Report SIE-07-001},
    year      = {2007},
    month    = {},
    }
	
@book{SecureProgramming,
    author    = "Brian Chess and Jacob West",
    title     = "Secure Programming with Static Analysis",
    publisher = "Gary McGraw",
    year      = "2007",
    month    = "June",
}


@misc{DD2460,
  Author = {Gurvan Le Guernic},
  Institution = {KTH ROYAL INSTITUTE OF TECHNOLOGY},
  Howpublished = {KTH Royal Institute of Tecnology, University Lecture},
  Year = {2012},
  Title = {DD2460 Software Safety and Security: Part III, lecture 3}
}

